@article{Drummond2002,
  title={Estimating mutation parameters, population history and genealogy simultaneously from temporally spaced sequence data},
  author={Drummond, Alexei J and Nicholls, Geoff K and Rodrigo, Allen G and Solomon, Wiremu},
  journal={Genetics},
  volume={161},
  number={3},
  pages={1307--1320},
  year={2002},
  publisher={Oxford University Press}
}

@article{Ewing2004,
  title={Using {T}emporally {S}paced {S}equences to {S}imultaneously {E}stimate {M}igration {R}ates, {M}utation {R}ate and {P}opulation {S}izes in {M}easurably {E}volving {P}opulations},
  author={Ewing, Greg and Nicholls, Geoff and Rodrigo, Allen},
  journal={Genetics},
  volume={168},
  number={4},
  pages={2407--2420},
  year={2004},
  publisher={Oxford University Press}
}

@article{Kingman1982Coalescent,
  title={The {C}oalescent},
  author={Kingman, John F C},
  journal={Stochastic {P}rocesses and their {A}pplications},
  volume={13},
  number={3},
  pages={235--248},
  year={1982},
  publisher={Elsevier}
}

@article{Kingman1982Genealogy,
  title={On the {G}enealogy of {L}arge {P}opulations},
  author={Kingman, John F C},
  journal={Journal of {A}pplied {P}robability},
  volume={19},
  number={A},
  pages={27--43},
  year={1982},
  publisher={Cambridge University Press}
}

@article{Lu2014,
  title={Determining the phylogenetic and phylogeographic origin of highly pathogenic avian influenza (H7N3) in Mexico},
  author={Lu, Lu and Lycett, Samantha J and Leigh Brown, Andrew J},
  journal={PloS one},
  volume={9},
  number={9},
  pages={e107330},
  year={2014},
  publisher={Public Library of Science San Francisco, USA}
}

@misc{SongDraft,
	title={Lecture {N}otes on {C}omputational and {M}athematical {P}opulation {G}enetics ({DRAFT})},
	author={Song, Yun S},
	year={2021},
	publisher = {GitHub},
	journal = {GitHub repository},
	howpublished = {\url{https://github.com/popgenmethods/lecture_notes}}
}

@article{Didelot2015,
	title={The role of China in the global spread of the current cholera pandemic},
	author={Didelot, Xavier and Pang, Bo and Zhou, Zhemin and McCann, Angela and Ni, Peixiang and Li, Dongfang and Achtman, Mark and Kan, Biao},
	journal={PLoS genetics},
	volume={11},
	number={3},
	pages={e1005072},
	year={2015},
	publisher={Public Library of Science San Francisco, CA USA}
}

@article{Green1995,
	title={Reversible jump {M}arkov chain {M}onte {C}arlo computation and {B}ayesian model determination},
	author={Green, Peter J},
	journal={Biometrika},
	volume={82},
	number={4},
	pages={711--732},
	year={1995},
	publisher={Oxford University Press}
}

@article{Suchard2018,
	title={Bayesian phylogenetic and phylodynamic data integration using {BEAST} 1.10},
	author={Suchard, Marc A and Lemey, Philippe and Baele, Guy and Ayres, Daniel L and Drummond, Alexei J and Rambaut, Andrew},
	journal={Virus {E}volution},
	volume={4},
	number={1},
	pages={vey016},
	year={2018},
	publisher={Oxford University Press}
}

@article{To2016,
	title={Fast {D}ating {U}sing {L}east-{S}quares {C}riteria and {A}lgorithms},
	author={To, Thu-Hien and Jung, Matthieu and Lycett, Samantha and Gascuel, Olivier},
	journal={Systematic {B}iology},
	volume={65},
	number={1},
	pages={82--97},
	year={2016},
	publisher={Oxford University Press}
}

@article{Sagulenko2018,
	title={Tree{T}ime: {M}aximum-likelihood phylodynamic analysis},
	author={Sagulenko, Pavel and Puller, Vadim and Neher, Richard A},
	journal={Virus {E}volution},
	volume={4},
	number={1},
	pages={vex042},
	year={2018},
	publisher={Oxford University Press}
}

@article{Muller2017,
	title={The {S}tructured {C}oalescent and {I}ts {A}pproximations},
	author={M{\"u}ller, Nicola F and Rasmussen, David A and Stadler, Tanja},
	journal={Molecular {B}iology and {E}volution},
	volume={34},
	number={11},
	pages={2970--2981},
	year={2017},
	publisher={Oxford University Press}
}

@article{Nordborg1997,
	title={Structured {C}oalescent {P}rocesses on {D}ifferent {T}ime {S}cales},
	author={Nordborg, Magnus},
	journal={Genetics},
	volume={146},
	number={4},
	pages={1501--1514},
	year={1997},
	publisher={Genetics Soc America}
}

@article{DeMaio2015,
	title={New {R}outes to {P}hylogeography: {A} {B}ayesian {S}tructured {C}oalescent {A}pproximation},
	author={De Maio, Nicola and Wu, Chieh-Hsi and Oâ€™Reilly, Kathleen M and Wilson, Daniel},
	journal={{PLOS} {G}enetics},
	volume={11},
	number={8},
	pages={e1005421},
	year={2015},
	publisher={Public Library of Science San Francisco, CA USA}
}

@article{Notohara1990,
	title={The coalescent and the genealogical process in geographically structured population},
	author={Notohara, Morihiro },
	journal={Journal of {M}athematical {B}iology},
	volume={29},
	number={1},
	pages={59--75},
	year={1990},
	publisher={Springer}
}

@article{Bloomquist2010,
	title={Three {R}oads {D}iverged? Routes {T}o {P}hylogeographic {I}nference},
	author={Bloomquist, Erik W and Lemey, Philippe and Suchard, Marc A},
	journal={Trends in {E}cology \& {E}volution},
	volume={25},
	number={11},
	pages={626--632},
	year={2010},
	publisher={Elsevier}
}

@article{Harris2010,
	title={Evolution of {MRSA} {D}uring {H}ospital {T}ransmission and {I}ntercontinental {S}pread},
	author={Harris, Simon R and Feil, Edward J and Holden, Matthew TG and Quail, Michael A and Nickerson, Emma K and Chantratita, Narisara and Gardete, Susana and Tavares, Ana and Day, Nick and Lindsay, Jodi A and others},
	journal={Science},
	volume={327},
	number={5964},
	pages={469--474},
	year={2010},
	publisher={American Association for the Advancement of Science}
}

@article{Lemey2009,
	title={Bayesian {P}hylogeography {F}inds {I}ts {R}oots},
	author={Lemey, Philippe and Rambaut, Andrew and Drummond, Alexei J and Suchard, Marc A},
	journal={{PLoS} {C}omputational {B}iology},
	volume={5},
	number={9},
	pages={e1000520},
	year={2009},
	publisher={Public Library of Science San Francisco, USA}
}
